@article{hiester2014assessment,
  title={Assessment of spurious mixing in adaptive mesh simulations of the two-dimensional lock-exchange},
  author={Hiester, HR and Piggott, MD and Farrell, PE and Allison, PA},
  journal={Ocean Modelling},
  volume={73},
  pages={30--44},
  year={2014},
  publisher={Elsevier}
}