@misc{Arctec3D,
  title = {{Arctec 3D} 3D Model: Grey Armchair},
  howpublished = {\url{https://www.artec3d.com/}},
  note = {Accessed: 2022-01-25}
}