@article{jakob2015instant,
  title={Instant field-aligned meshes.},
  author={Jakob, Wenzel and Tarini, Marco and Panozzo, Daniele and Sorkine-Hornung, Olga},
  journal={ACM Transactions on Graphics (TOG)},
  volume={34},
  number={6},
  pages={189--1},
  year={2015},
  publisher={Citeseer}
}

@inproceedings{alliez2003isotropic,
  title={Isotropic surface remeshing},
  author={Alliez, Pierre and De Verdire, Eric Colin and Devillers, Olivier and Isenburg, Martin},
  booktitle={2003 Shape Modeling International.},
  pages={49--58},
  year={2003},
  organization={IEEE}
}

@article{alliez2008recent,
  title={Recent advances in remeshing of surfaces},
  author={Alliez, Pierre and Ucelli, Giuliana and Gotsman, Craig and Attene, Marco},
  journal={Shape analysis and structuring},
  pages={53--82},
  year={2008},
  publisher={Springer}
}

@article{lai2009metric,
  title={Metric-driven rosy field design and remeshing},
  author={Lai, Yu-Kun and Jin, Miao and Xie, Xuexiang and He, Ying and Palacios, Jonathan and Zhang, Eugene and Hu, Shi-Min and Gu, Xianfeng},
  journal={IEEE Transactions on Visualization and Computer Graphics},
  volume={16},
  number={1},
  pages={95--108},
  year={2009},
  publisher={IEEE}
}

@phdthesis{surazhsky2003isotropic,
  title={Isotropic remeshing of surfaces: a local parameterization approach},
  author={Surazhsky, Vitaly and Alliez, Pierre and Gotsman, Craig},
  year={2003},
  school={INRIA}
}

@article{palacios2007rotational,
  title={Rotational symmetry field design on surfaces},
  author={Palacios, Jonathan and Zhang, Eugene},
  journal={ACM Transactions on Graphics (TOG)},
  volume={26},
  number={3},
  pages={55--es},
  year={2007},
  publisher={ACM New York, NY, USA}
}

@article{marcias2015data,
  title={Data-driven interactive quadrangulation},
  author={Marcias, Giorgio and Takayama, Kenshi and Pietroni, Nico and Panozzo, Daniele and Sorkine-Hornung, Olga and Puppo, Enrico and Cignoni, Paolo},
  journal={ACM Transactions on Graphics (TOG)},
  volume={34},
  number={4},
  pages={1--10},
  year={2015},
  publisher={ACM New York, NY, USA}
}

@inproceedings{bommes2013quad,
  title={Quad-mesh generation and processing: A survey},
  author={Bommes, David and L{\'e}vy, Bruno and Pietroni, Nico and Puppo, Enrico and Silva, Claudio and Tarini, Marco and Zorin, Denis},
  booktitle={Computer Graphics Forum},
  volume={32},
  number={6},
  pages={51--76},
  year={2013},
  organization={Wiley Online Library}
}

@article{ray2008n,
  title={N-symmetry direction field design},
  author={Ray, Nicolas and Vallet, Bruno and Li, Wan Chiu and L{\'e}vy, Bruno},
  journal={ACM Transactions on Graphics (TOG)},
  volume={27},
  number={2},
  pages={1--13},
  year={2008},
  publisher={ACM New York, NY, USA}
}

@article{ray2006periodic,
  title={Periodic global parameterization},
  author={Ray, Nicolas and Li, Wan Chiu and L{\'e}vy, Bruno and Sheffer, Alla and Alliez, Pierre},
  journal={ACM Transactions on Graphics (TOG)},
  volume={25},
  number={4},
  pages={1460--1485},
  year={2006},
  publisher={ACM New York, NY, USA}
}

@article{bommes2009mixed,
  title={Mixed-integer quadrangulation},
  author={Bommes, David and Zimmer, Henrik and Kobbelt, Leif},
  journal={ACM Transactions on Graphics (TOG)},
  volume={28},
  number={3},
  pages={1--10},
  year={2009},
  publisher={ACM New York, NY, USA}
}

@article{botsch2007geometric,
  title={Geometric modeling based on polygonal meshes},
  author={Botsch, Mario and Pauly, Mark and Kobbelt, Leif and Alliez, Pierre and L{\'e}vy, Bruno and Bischoff, Stephan and R{\"o}ossl, Christian},
  year={2007},
  journal={ACM SIGGRAPH Course Notes}
}

@inproceedings{tarini2010practical,
  title={Practical quad mesh simplification},
  author={Tarini, Marco and Pietroni, Nico and Cignoni, Paolo and Panozzo, Daniele and Puppo, Enrico},
  booktitle={Computer Graphics Forum},
  volume={29},
  number={2},
  pages={407--418},
  year={2010},
  organization={Wiley Online Library}
}

@article{chen2019quadrilateral,
  title={Quadrilateral mesh generation I: Metric based method},
  author={Chen, Wei and Zheng, Xiaopeng and Ke, Jingyao and Lei, Na and Luo, Zhongxuan and Gu, Xianfeng},
  journal={Computer Methods in Applied Mechanics and Engineering},
  volume={356},
  pages={652--668},
  year={2019},
  publisher={Elsevier}
}

@article{fogg2017simple,
  title={A simple formula for quad mesh singularities},
  author={Fogg, Harold J and Sun, Liang and Makem, Jonathan E and Armstrong, Cecil G and Robinson, Trevor T},
  journal={Procedia engineering},
  volume={203},
  pages={14--26},
  year={2017},
  publisher={Elsevier}
}

@article{fogg2018singularities,
  title={Singularities in structured meshes and cross-fields},
  author={Fogg, Harold J and Sun, Liang and Makem, Jonathan E and Armstrong, Cecil G and Robinson, Trevor T},
  journal={Computer-Aided Design},
  volume={105},
  pages={11--25},
  year={2018},
  publisher={Elsevier}
}

@article{panozzo2012fields,
  title={Fields on symmetric surfaces},
  author={Panozzo, Daniele and Lipman, Yaron and Puppo, Enrico and Zorin, Denis},
  journal={ACM Transactions on Graphics (TOG)},
  volume={31},
  number={4},
  pages={1--12},
  year={2012},
  publisher={ACM New York, NY, USA}
}

@article{palacios2010interactive,
  title={Interactive visualization of rotational symmetry fields on surfaces},
  author={Palacios, Jonathan and Zhang, Eugene},
  journal={IEEE transactions on visualization and computer graphics},
  volume={17},
  number={7},
  pages={947--955},
  year={2010},
  publisher={IEEE}
}

@article{catmull1978recursively,
  title={Recursively generated B-spline surfaces on arbitrary topological meshes},
  author={Catmull, Edwin and Clark, James},
  journal={Computer-Aided Design},
  volume={10},
  number={6},
  pages={350--355},
  year={1978},
  publisher={Elsevier}
}

@inproceedings{botsch2006primo,
  title={Primo: coupled prisms for intuitive surface modeling},
  author={Botsch, Mario and Pauly, Mark and Gross, Markus H and Kobbelt, Leif},
  booktitle={Symposium on Geometry Processing},
  number={CONF},
  pages={11--20},
  year={2006}
}

@thesis{schmidt2014towards,
  author  = {Patrick Schmidt},
  type    = {Bachelor's Thesis},
  school  = {RWTH Aachen University},
  title   = {Towards Interactive Quadrangulation Using Local Remeshing},
  year    = {2014}
}

@article{gao2017robust,
  title={Robust hex-dominant mesh generation using field-guided polyhedral agglomeration},
  author={Gao, Xifeng and Jakob, Wenzel and Tarini, Marco and Panozzo, Daniele},
  journal={ACM Transactions on Graphics (TOG)},
  volume={36},
  number={4},
  pages={1--13},
  year={2017},
  publisher={ACM New York, NY, USA}
}

%%% 3D-MODELS
@misc{Arctec3D,
  title = {{Arctec 3D} 3D Model: Grey Armchair},
  howpublished = {\url{https://www.artec3d.com/}},
  note = {Accessed: 2022-01-25}
}

%%% IMAGES

@article{hiester2014assessment,
  title={Assessment of spurious mixing in adaptive mesh simulations of the two-dimensional lock-exchange},
  author={Hiester, HR and Piggott, MD and Farrell, PE and Allison, PA},
  journal={Ocean Modelling},
  volume={73},
  pages={30--44},
  year={2014},
  publisher={Elsevier}
}